
@misc{center_for_history_and_new_media__????,
	title = {快速入门指南},
	url = {http://zotero.org/support/quick_start_guide},
	author = {Center for History and New Media},
	howpublished = {http://zotero.org/support/quick\_start\_guide},
	annote = {{欢迎使用Zotero!}

View the Quick Start Guide to learn how to begin collecting, managing, citing, and sharing your research sources.

{谢谢您安装Zotero.}}
},

@misc{thomas_hug_cdi_????,
	title = {{CDI} Query Module},
	url = {http://ctpconsulting.github.com/query/1.0.0.Alpha2/index.html},
	author = {Thomas Hug},
	keywords = {cdi},
	howpublished = {{http://ctpconsulting.github.com/query/1.0.0.Alpha2/index.html}}
}