% Encoding: UTF-8

@Misc{alibaba-icons,
  title = {阿里巴巴矢量库},
  url   = {http://www.iconfont.cn/},
}

@Misc{simple-guide-9-patch,
  author = {Radley},
  title  = {A simple guide to 9-patch for Android U},
  month  = {5},
  year   = {2011},
  url    = {https://radleymarx.com/ux/simple-guide-to-9-patch/},
}

@Misc{bad-patches,
  author = {Bartek Lipinski},
  title  = {9-patch: bad patches everywhere…},
  note   = {https://github.com/blipinsk},
  url    = {https://android.jlelse.eu/9-patch-bad-patches-everywhere-7c2a2f33baaa},
}

@Comment{jabref-meta: databaseType:bibtex;}
